


@article{IDS,
	author = {Reinsel, David and John Gantz and John Rydning},
	journal = {International Data Corporation},
	title = {The Digitization of the World: From Edge to Core},
	month = {November},
	year = {2018},
	pages = {3}
}

@article{genome_size,
    author = {Christley, Scott and Lu, Yiming and Li, Chen and Xie, Xiaohui},
    title = "{Human genomes as email attachments}",
    journal = {Bioinformatics},
    volume = {25},
    number = {2},
    pages = {274-275},
    year = {2008},
    month = {09},
    abstract = {genome sequences can fit as an email attachment. i use this to refer to the scale of big data},
    issn = {1367-4803},
    doi = {10.1093/bioinformatics/btn582},
    url = {https://doi.org/10.1093/bioinformatics/btn582},
    eprint = {https://academic.oup.com/bioinformatics/article-pdf/25/2/274/16888832/btn582.pdf},
}


@article{virtual_memory_tlb,
author = {Basu, Arkaprava and Gandhi, Jayneel and Chang, Jichuan and Hill, Mark D. and Swift, Michael M.},
title = {Efficient Virtual Memory for Big Memory Servers},
year = {2013},
issue_date = {June 2013},
publisher = {Association for Computing Machinery},
address = {New York, NY, USA},
volume = {41},
number = {3},
issn = {0163-5964},
url = {https://doi.org/10.1145/2508148.2485943},
doi = {10.1145/2508148.2485943},
abstract = {TODO},
journal = {SIGARCH Comput. Archit. News},
month = jun,
pages = {237–248},
numpages = {12},
keywords = {virtual memory, tanslation lookaside buffer}
}

@inproceedings{STAPL,
author = {Rauchwerger, Lawrence and Arzu, Francisco and Ouchi, Koji},
title = {Standard Templates Adaptive Parallel Library (STAPL)},
year = {1998},
isbn = {3540651721},
publisher = {Springer-Verlag},
address = {Berlin, Heidelberg},
abstract = {TODO},
booktitle = {Selected Papers from the 4th International Workshop on Languages, Compilers, and Run-Time Systems for Scalable Computers},
pages = {402–409},
numpages = {8},
series = {LCR '98}
}
}

@inproceedings{STAPL_2010,
author = {Buss, Antal and Harshvardhan and Papadopoulos, Ioannis and Pearce, Olga and Smith, Timmie and Tanase, Gabriel and Thomas, Nathan and Xu, Xiabing and Bianco, Mauro and Amato, Nancy M. and Rauchwerger, Lawrence},
title = {STAPL: Standard Template Adaptive Parallel Library},
year = {2010},
isbn = {9781605589084},
publisher = {Association for Computing Machinery},
address = {New York, NY, USA},
url = {https://doi-org.proxy.lib.miamioh.edu/10.1145/1815695.1815713},
doi = {10.1145/1815695.1815713},
abstract = {TODO},
booktitle = {Proceedings of the 3rd Annual Haifa Experimental Systems Conference},
articleno = {14},
numpages = {10},
keywords = {parallel data structures, high productivity parallel programming, library},
location = {Haifa, Israel},
series = {SYSTOR '10}
}

@inproceedings{practical_dist_c,
author = {Drocco, Maurizio and Castellana, Vito Giovanni and Minutoli, Marco},
title = {Practical Distributed Programming in C++},
year = {2020},
isbn = {9781450370523},
publisher = {Association for Computing Machinery},
address = {New York, NY, USA},
url = {https://doi.org/10.1145/3369583.3392680},
doi = {10.1145/3369583.3392680},
abstract = {TODO},
pages = {35–39},
numpages = {5},
keywords = {distributed data structures, C++, distributed programming},
location = {Stockholm, Sweden},
series = {HPDC '20}
}

@inproceedings{taskflow,
author = {Lin, Chun-Xun and Huang, Tsung-Wei and Guo, Guannan and Wong, Martin D. F.},
title = {A Modern C++ Parallel Task Programming Library},
year = {2019},
isbn = {9781450368896},
publisher = {Association for Computing Machinery},
address = {New York, NY, USA},
url = {https://doi.org/10.1145/3343031.3350537},
doi = {10.1145/3343031.3350537},
abstract = {TODO},
booktitle = {Proceedings of the 27th ACM International Conference on Multimedia},
pages = {2284–2287},
numpages = {4},
keywords = {task dependency graph, parallel programming, task parallelism},
location = {Nice, France},
series = {MM '19}
}

@inproceedings{towards_dist_cpp,
author = {Brown, Gordon and Reyes, Ruyman and Wong, Michael},
title = {Towards Heterogeneous and Distributed Computing in C++},
year = {2019},
isbn = {9781450362306},
publisher = {Association for Computing Machinery},
address = {New York, NY, USA},
url = {https://doi.org/10.1145/3318170.3318196},
doi = {10.1145/3318170.3318196},
abstract = {TODO},
booktitle = {Proceedings of the International Workshop on OpenCL},
articleno = {18},
numpages = {5},
keywords = {heterogeneous programming, executors, C++, parallelism, distributed programming models, concurrency},
location = {Boston, MA, USA},
series = {IWOCL'19}
}

@inproceedings{10.1145/1941553.1941586,
author = {Tanase, Gabriel and Buss, Antal and Fidel, Adam and Harshvardhan and Papadopoulos, Ioannis and Pearce, Olga and Smith, Timmie and Thomas, Nathan and Xu, Xiabing and Mourad, Nedal and Vu, Jeremy and Bianco, Mauro and Amato, Nancy M. and Rauchwerger, Lawrence},
title = {The STAPL Parallel Container Framework},
year = {2011},
isbn = {9781450301190},
publisher = {Association for Computing Machinery},
address = {New York, NY, USA},
url = {https://doi-org.proxy.lib.miamioh.edu/10.1145/1941553.1941586},
doi = {10.1145/1941553.1941586},
abstract = {TODO},
booktitle = {Proceedings of the 16th ACM Symposium on Principles and Practice of Parallel Programming},
pages = {235–246},
numpages = {12},
keywords = {structures, containers, languages, data, parallel, libraries},
location = {San Antonio, TX, USA},
series = {PPoPP '11}
}

  

@article{stapl_parallel_container,
author = {Tanase, Gabriel and Buss, Antal and Fidel, Adam and Harshvardhan and Papadopoulos, Ioannis and Pearce, Olga and Smith, Timmie and Thomas, Nathan and Xu, Xiabing and Mourad, Nedal and Vu, Jeremy and Bianco, Mauro and Amato, Nancy M. and Rauchwerger, Lawrence},
title = {The STAPL Parallel Container Framework},
year = {2011},
issue_date = {August 2011},
publisher = {Association for Computing Machinery},
address = {New York, NY, USA},
volume = {46},
number = {8},
issn = {0362-1340},
url = {https://doi-org.proxy.lib.miamioh.edu/10.1145/2038037.1941586},
doi = {10.1145/2038037.1941586},
abstract = {TODO},
journal = {SIGPLAN Not.},
month = feb,
pages = {235–246},
numpages = {12},
keywords = {libraries, containers, data, structures, parallel, languages}
}

@book{stl_guide, 
place={Boston, MA}, 
title={STL tutorial and reference guide: C++ programming with the standard template library}, 
publisher={Addison-Wesley}, 
author={Musser, David R. and Derge, Gillmer J. and Saini, Atul}, year={2005}
} 

@book{the_cpp_programming_language, 
place={Upper Saddle River i pozostałe}, 
title={The C++ programming language}, 
publisher={Pearson}, 
author={Stroustrup, Bjarne}, 
year={2018}} 






@INPROCEEDINGS{sharing_cpu_memory,

  author={ {Xiaodong Zhang} and  {Yanxia Qu} and  {Li Xiao}},

  booktitle={Proceedings 20th IEEE International Conference on Distributed Computing Systems}, 

  title={Improving distributed workload performance by sharing both CPU and memory resources}, 

  year={2000},

  volume={},

  number={},
  abstract={todo},

  pages={233-241},

  doi={10.1109/ICDCS.2000.840934}}

 @book{intel_tbb, 
 place={Hillsboro, OR}, 
 title={Multi-core programming: increasing performance through software multi-threading}, 
 publisher={Intel Press}, 
 abstract={TODO},
 author={Akhter, Shameem and Roberts, Jason}, 
 year={2006}
 } 
 
 
 
 @inproceedings{parallel_programming_w_charm,
author = {Acun, Bilge and Gupta, Abhishek and Jain, Nikhil and Langer, Akhil and Menon, Harshitha and Mikida, Eric and Ni, Xiang and Robson, Michael and Sun, Yanhua and Totoni, Ehsan and Wesolowski, Lukasz and Kale, Laxmikant},
title = {Parallel Programming with Migratable Objects: Charm++ in Practice},
year = {2014},
isbn = {9781479955008},
publisher = {IEEE Press},
url = {https://doi-org.proxy.lib.miamioh.edu/10.1109/SC.2014.58},
doi = {10.1109/SC.2014.58},
abstract = {TODO},
booktitle = {Proceedings of the International Conference for High Performance Computing, Networking, Storage and Analysis},
pages = {647–658},
numpages = {12},
location = {New Orleans, Louisana},
series = {SC '14}
}

 @article{ilp_history, 
 title={Instruction-Level Parallel Processing: History, Overview and Perspective},
 volume={7}, 
 DOI={10.1023/b:supe.0000022106.06579.c4}, 
 number={1}, 
 journal={The Journal of Supercomputing}, 
 author={Rau, B Ramakrishna and Fisher, Joseph A.}, 
 year={1993},
 abstract={summary of the history of instruction-level parallelism from its inception to 1993 with specific attention to supercomputing. i use this mainly for its definition of instruction-level parallelism to contract with thread-based parallelism }
 } 
 
 @inbook{hpc_openstax, 
 title={High Performance Computing Chapter 5}, 
 booktitle={High Performance Computing}, 
 publisher={OpenStax-CNX}, 
 author={Dowd, Kevin and Severance, Charles}, 
 year={2010},
 abstract={Good open textbook on high-performance computing. this chapter on parallelism used for information on different kinds of parallelism. note: can probably use different chapters for different things}
 } 
 

@INPROCEEDINGS{chapel,
  author={D. {Callahan} and B. L. {Chamberlain} and H. P. {Zima}},
  booktitle={Ninth International Workshop on High-Level Parallel Programming Models and Supportive Environments, 2004. Proceedings.}, 
  abstract={TODO},
  title={The cascade high productivity language}, 
  year={2004},
  volume={},
  number={},
  pages={52-60},
  doi={10.1109/HIPS.2004.1299190}
}


@article{X10,
author = {Charles, Philippe and Grothoff, Christian and Saraswat, Vijay and Donawa, Christopher and Kielstra, Allan and Ebcioglu, Kemal and von Praun, Christoph and Sarkar, Vivek},
title = {X10: An Object-Oriented Approach to Non-Uniform Cluster Computing},
year = {2005},
issue_date = {October 2005},
publisher = {Association for Computing Machinery},
address = {New York, NY, USA},
volume = {40},
number = {10},
issn = {0362-1340},
url = {https://doi.org/10.1145/1103845.1094852},
doi = {10.1145/1103845.1094852},
abstract = {TODO},
journal = {SIGPLAN Not.},
month = oct,
pages = {519–538},
numpages = {20},
keywords = {atomic blocks, data distribution, productivity, partitioned global address space (PGAS), X10, Java, non-uniform cluster computing (NUCC), places, scalability, clocks, multithreading}
}




 @misc{memcached, 
 title={a distributed memory object caching system}, url={https://www.memcached.org/}, 
 journal={memcached}, 
 author={Fitzpatrick, B.}
 } 
 
 @INPROCEEDINGS{spark,
  author={J. {Fu} and J. {Sun} and K. {Wang}},
  booktitle={2016 International Conference on Industrial Informatics - Computing Technology, Intelligent Technology, Industrial Information Integration (ICIICII)}, 
  title={SPARK – A Big Data Processing Platform for Machine Learning}, 
  abstract={TODO},
  year={2016},
  volume={},
  number={},
  pages={48-51},
  doi={10.1109/ICIICII.2016.0023}}
  
 @article{zookeeper,
author = {Hunt, Patrick and Konar, Mahadev and Grid, Yahoo and Junqueira, Flavio and Reed, Benjamin and Research, Yahoo},
year = {2010},
month = {06},
pages = {},
abstract={TODO},
title = {ZooKeeper: Wait-free Coordination for Internet-scale Systems},
volume = {8},
journal = {ATC. USENIX}
}

@article{GAM,
author = {Cai, Qingchao and Guo, Wentian and Zhang, Hao and Agrawal, Divyakant and Chen, Gang and Ooi, Beng Chin and Tan, Kian-Lee and Teo, Yong Meng and Wang, Sheng},
title = {Efficient Distributed Memory Management with RDMA and Caching},
year = {2018},
issue_date = {July 2018},
publisher = {VLDB Endowment},
volume = {11},
number = {11},
issn = {2150-8097},
url = {https://doi.org/10.14778/3236187.3236209},
doi = {10.14778/3236187.3236209},
abstract = {TODO},
journal = {Proc. VLDB Endow.},
month = jul,
pages = {1604–1617},
numpages = {14}
}

@inproceedings{stapl_rts,
author = {Papadopoulos, Ioannis and Thomas, Nathan and Fidel, Adam and Amato, Nancy M. and Rauchwerger, Lawrence},
title = {STAPL-RTS: An Application Driven Runtime System},
year = {2015},
isbn = {9781450335591},
publisher = {Association for Computing Machinery},
address = {New York, NY, USA},
url = {https://doi.org/10.1145/2751205.2751233},
doi = {10.1145/2751205.2751233},
abstract={TODO},
booktitle = {Proceedings of the 29th ACM on International Conference on Supercomputing},
pages = {425–434},
numpages = {10},
keywords = {shared memory, application driven optimizations, distributed memory, data flow, parallel programming, remote method invocation, runtime systems},
location = {Newport Beach, California, USA},
series = {ICS '15}
}

@inbook{dist_systems_concepts, 
	place={Boston, MA}, 
	title={Distributed systems: Concepts and design, Chapter 1}, 
	booktitle={Distributed systems: concepts and design}, 
	publisher={Addison-Wesley}, 
	author={Coulouris, George F.}, 
	year={2011},
	abstract={Textbook about all kinds of distributed systems. I mainly use the beginning for its characterization of distributed systems and the challenges therein (parallel vs distributed computing section)}
} 


@misc{async_cpp,
	title={An Asynchronous Call for C++},
	author={Lawrence Crowl},
	howpublished={\url{wg21.link/n2889}}
}
